@MISC{qt,
	HOWPUBLISHED = "\url{https://www.qt.io}",
	TITLE = "Qt"
}

@MISC{signalsandslots,
	HOWPUBLISHED = "\url{https://doc.qt.io/qt-5/signalsandslots.html}",
	TITLE = "Qt Signals and Slots"
}

@MISC{qtmodules,
	HOWPUBLISHED = "\url{https://doc.qt.io/qt-5/qtmodules.html}",
	TITLE = "Qt Modules"
}

@MISC{pyqt,
	HOWPUBLISHED = "\url{https://riverbankcomputing.com/software/pyqt/intro}",
	TITLE = "PyQt"
}

@MISC{linuxdeployqt,
	HOWPUBLISHED = "\url{https://github.com/probonopd/linuxdeployqt}",
	TITLE = "linuxdeployqt"
}

@MISC{mathjax,
	HOWPUBLISHED = "\url{https://www.mathjax.org}",
	TITLE = "MathJax"
}

@MISC{qtwebengine,
	HOWPUBLISHED = "\url{https://doc.qt.io/qt-5/qtwebengine-index.html}",
	TITLE = "Qt Web Engine"
}

@book{daemen2013design,
  title={The design of Rijndael: AES-the advanced encryption standard},
  author={Daemen, Joan and Rijmen, Vincent},
  year={2013},
  publisher={Springer Science \& Business Media}
}

@MISC{chromium,
	HOWPUBLISHED = "\url{https://www.chromium.org}",
	TITLE = "The Chromium Projects"
}

@MISC{copyleft,
	HOWPUBLISHED = "\url{https://www.gnu.org/licenses/copyleft.en.html}",
	TITLE = "What is Copyleft?"
}

@MISC{mysql,
	HOWPUBLISHED = "\url{https://www.mysql.com}",
	TITLE = "MySQL"
}

@MISC{mysqlconn,
	HOWPUBLISHED = "\url{https://dev.mysql.com/doc/dev/connector-cpp/8.0/}",
	TITLE = "MySQL Connector C++"
}

@MISC{mariadb,
	HOWPUBLISHED = "\url{https://mariadb.org}",
	TITLE = "MariaDB"
}


@book{sommerville2011software,
   title={Software engineering 9th Edition},
  author={Sommerville, Ian},
  year={2011},
  publisher={Addison-wesley}
}

@book{richards2015software,
  title={Software architecture patterns},
  author={Richards, Mark},
  year={2015},
  publisher={O'Reilly Media, Incorporated}
}

@book{eckel2003java,
  title={Thinking in JAVA},
  author={Eckel, Bruce},
  year={2003},
  publisher={Prentice Hall Professional}
}

@book{schwaber2002agile,
  title={Agile software development with Scrum},
  author={Schwaber, Ken and Beedle, Mike},
  volume={1},
  year={2002},
  publisher={Prentice Hall Upper Saddle River}
}

@book{kotonya1998requirements,
  title={Requirements engineering: processes and techniques},
  author={Kotonya, Gerald and Sommerville, Ian},
  year={1998},
  publisher={Wiley Publishing}
}

@book{mcconnell1996rapid,
  title={Rapid development: taming wild software schedules},
  author={McConnell, Steve},
  year={1996},
  publisher={Pearson Education}
}